<?xml version="1.0" encoding="UTF-8"?><collection xmlns="http://www.loc.gov/MARC21/slim"><record><leader>00608nam--2200205-i-4500</leader><controlfield tag="001">000012874</controlfield><controlfield tag="002">20161230</controlfield><controlfield tag="005">20161230201030</controlfield><controlfield tag="008">060222s1000------------r-----000-0-eng-d</controlfield><datafield ind1=" " ind2=" " tag="020"><subfield code="a">0306400995</subfield></datafield><datafield ind1=" " ind2=" " tag="040"><subfield code="a">IFIN-HH</subfield></datafield><datafield ind1=" " ind2=" " tag="080"><subfield code="a">538.93:538.955/956</subfield></datafield><datafield ind1="1" ind2=" " tag="100"><subfield code="a">Devreese, Jozef T</subfield></datafield><datafield ind1="1" ind2="0" tag="245"><subfield code="a">Highly conducting one-dimensional solids</subfield><subfield code="c">Josef t. devreese, roger p. evrard, victor e. van doren</subfield></datafield><datafield ind1=" " ind2=" " tag="260"><subfield code="a">New York</subfield><subfield code="b">Plenum Press</subfield><subfield code="c">1979</subfield></datafield><datafield ind1=" " ind2=" " tag="300"><subfield code="a">XIII+422P</subfield></datafield><datafield ind1=" " ind2=" " tag="490"><subfield code="a">Physics Of Solids And Liquids</subfield></datafield><datafield ind1="1" ind2=" " tag="700"><subfield code="a">Doren, Victor E. Van</subfield><subfield code="e">Ed</subfield></datafield><datafield ind1=" " ind2=" " tag="852"><subfield code="a">46550</subfield><subfield code="c">539.2</subfield></datafield><datafield ind1=" " ind2=" " tag="CAT"><subfield code="a">Sys</subfield><subfield code="c">20121030</subfield><subfield code="h">133822</subfield></datafield></record></collection>